<record><leader>00000cas a22000007a 4500</leader><controlfield tag="001">13413097</controlfield><controlfield tag="008">860409d18901913couwr ne      0    0eng d</controlfield><datafield ind1=" " ind2=" " tag="010"><subfield code="a">sn 86091260 </subfield></datafield><datafield ind1=" " ind2=" " tag="040"><subfield code="a">UNP</subfield><subfield code="b">eng</subfield><subfield code="c">UNP</subfield><subfield code="d">CNQ</subfield><subfield code="d">OCLCQ</subfield></datafield><datafield ind1=" " ind2=" " tag="042"><subfield code="a">msc</subfield></datafield><datafield ind1=" " ind2="4" tag="050"><subfield code="a">AN2.C6</subfield><subfield code="b">B87</subfield></datafield><datafield ind1="0" ind2=" " tag="130"><subfield code="a">Burlington Republican (Burlington, Colo.)</subfield></datafield><datafield ind1="1" ind2="0" tag="245"><subfield code="a">Burlington Republican.</subfield></datafield><datafield ind1=" " ind2=" " tag="260"><subfield code="a">Burlington, Colo. :</subfield><subfield code="b">Republican Pub. Co.</subfield></datafield><datafield ind1=" " ind2=" " tag="300"><subfield code="a">v.</subfield></datafield><datafield ind1=" " ind2=" " tag="310"><subfield code="a">Weekly</subfield></datafield><datafield ind1="1" ind2=" " tag="362"><subfield code="a">Began Mar. 1, 1890; ceased Dec. 1913.</subfield></datafield><datafield ind1=" " ind2=" " tag="588"><subfield code="a">Description based on: Vol. 4, no. 32 (Sept. 7, 1895).</subfield></datafield><datafield ind1=" " ind2=" " tag="752"><subfield code="a">United States</subfield><subfield code="b">Colorado</subfield><subfield code="c">Kit Carson</subfield><subfield code="d">Burlington.</subfield></datafield><datafield ind1="0" ind2="4" tag="785"><subfield code="t">Kit Carson County record</subfield><subfield code="w">(DLC)sn 86091261</subfield><subfield code="w">(OCoLC)13413150</subfield></datafield></record>